% This file was created with JabRef 2.8.1.
% Encoding: Cp1252
@article{hauptmann1997informedia,
  title={Informedia: News-on-demand multimedia information acquisition and retrieval},
  author={Hauptmann, Alexander G and Witbrock, Michael J},
  journal={Intelligent multimedia information retrieval},
  pages={215--239},
  year={1997}
}

@article{kazman1996four,
  title={Four paradigms for indexing video conferences},
  author={Kazman, Rick and Al-Halimi, Reem and Hunt, William and Mantei, Marilyn},
  journal={IEEE multimedia},
  volume={3},
  number={1},
  pages={63--73},
  year={1996},
  publisher={IEEE}
}

@inproceedings{stifelman2001audio,
  title={The audio notebook: paper and pen interaction with structured speech},
  author={Stifelman, Lisa and Arons, Barry and Schmandt, Chris},
  booktitle={Proceedings of the SIGCHI conference on Human factors in computing systems},
  pages={182--189},
  year={2001},
  organization={ACM}
}

@inproceedings{whittaker1994filochat,
  title={Filochat: Handwritten notes provide access to recorded conversations},
  author={Whittaker, Steve and Hyland, Patrick and Wiley, Myrtle},
  booktitle={Proceedings of the SIGCHI conference on Human factors in computing systems},
  pages={271--277},
  year={1994},
  organization={ACM}
}

@inproceedings{whittaker1999scan,
  title={SCAN: Designing and evaluating user interfaces to support retrieval from speech archives},
  author={Whittaker, Steve and Hirschberg, Julia and Choi, John and Hindle, Don and Pereira, Fernando and Singhal, Amit},
  booktitle={Proceedings of the 22nd annual international ACM SIGIR conference on Research and development in information retrieval},
  pages={26--33},
  year={1999},
  organization={ACM}
}

@inproceedings{degen1992working,
  title={Working with audio: integrating personal tape recorders and desktop computers},
  author={Degen, Leo and Mander, Richard and Salomon, Gitta},
  booktitle={Proceedings of the SIGCHI conference on Human factors in computing systems},
  pages={413--418},
  year={1992},
  organization={ACM}
}

@article{hindus1993capturing,
  title={Capturing, structuring, and representing ubiquitous audio},
  author={Hindus, Debby and Schmandt, Chris and Horner, Chris},
  journal={ACM Transactions on Information Systems (TOIS)},
  volume={11},
  number={4},
  pages={376--400},
  year={1993},
  publisher={ACM}
}

@inproceedings{schmandt1981intelligent,
  title={The intelligent ear: A graphical interface to digital audio},
  author={Schmandt, Christopher},
  booktitle={Proceedings, IEEE International Conference on Cybernetics and Society, IEEE},
  year={1981},
  organization={Citeseer}
}

@inproceedings{song2015tvsum,
  title={Tvsum: Summarizing web videos using titles},
  author={Song, Yale and Vallmitjana, Jordi and Stent, Amanda and Jaimes, Alejandro},
  booktitle={Proceedings of the IEEE Conference on Computer Vision and Pattern Recognition},
  pages={5179--5187},
  year={2015}
}
@inproceedings{wang2007video,
  title={Video collage: A novel presentation of video sequence},
  author={Wang, Tang and Mei, Tao and Hua, Xian-Sheng and Liu, Xue-Liang and Zhou, He-Qin},
  booktitle={Multimedia and Expo, 2007 IEEE International Conference on},
  pages={1479--1482},
  year={2007},
  organization={IEEE}
}

@inproceedings{papernick2005summarization,
  title={Summarization of broadcast news video through link analysis of named entities},
  author={Papernick, Norman and Hauptmann, Alexander G},
  booktitle={In AAAI-05 Workshop on link analysis},
  year={2005}
}

@inproceedings{chu2015video,
  title={Video co-summarization: Video summarization by visual co-occurrence},
  author={Chu, Wen-Sheng and Song, Yale and Jaimes, Alejandro},
  booktitle={Proceedings of the IEEE Conference on Computer Vision and Pattern Recognition},
  pages={3584--3592},
  year={2015}
}

@inproceedings{liu2008discovering,
  title={Discovering panoramas in web videos},
  author={Liu, Feng and Hu, Yu-hen and Gleicher, Michael L},
  booktitle={Proceedings of the 16th ACM international conference on Multimedia},
  pages={329--338},
  year={2008},
  organization={ACM}
}

@inproceedings{kim2014joint,
  title={Joint summarization of large-scale collections of web images and videos for storyline reconstruction},
  author={Kim, Gunhee and Sigal, Leonid and Xing, Eric P},
  booktitle={Proceedings of the IEEE Conference on Computer Vision and Pattern Recognition},
  pages={4225--4232},
  year={2014}
}

@inproceedings{khosla2013large,
  title={Large-scale video summarization using web-image priors},
  author={Khosla, Aditya and Hamid, Raffay and Lin, Chih-Jen and Sundaresan, Neel},
  booktitle={Proceedings of the IEEE Conference on Computer Vision and Pattern Recognition},
  pages={2698--2705},
  year={2013}
}

@inproceedings{sun2014salient,
  title={Salient montages from unconstrained videos},
  author={Sun, Min and Farhadi, Ali and Taskar, Ben and Seitz, Steve},
  booktitle={European Conference on Computer Vision},
  pages={472--488},
  year={2014},
  organization={Springer}
}

@inproceedings{gal2009iwires,
  title={iWIRES: an analyze-and-edit approach to shape manipulation},
  author={Gal, Ran and Sorkine, Olga and Mitra, Niloy J and Cohen-Or, Daniel},
  booktitle={ACM Transactions on Graphics (TOG)},
  volume={28},
  number={3},
  pages={33},
  year={2009},
  organization={ACM}
}

@article{prevost2013make,
  title={Make it stand: balancing shapes for 3D fabrication},
  author={Pr{\'e}vost, Romain and Whiting, Emily and Lefebvre, Sylvain and Sorkine-Hornung, Olga},
  journal={ACM Transactions on Graphics (TOG)},
  volume={32},
  number={4},
  pages={81},
  year={2013},
  publisher={ACM}
}

@article{bai2016artist,
  title={Artist-directed dynamics for 2D animation},
  author={Bai, Yunfei and Kaufman, Danny M and Liu, C Karen and Popovi{\'c}, Jovan},
  journal={ACM Transactions on Graphics (TOG)},
  volume={35},
  number={4},
  pages={145},
  year={2016},
  publisher={ACM}
}

@inproceedings{chi2016authoring,
  title={Authoring Illustrations of Human Movements by Iterative Physical Demonstration},
  author={Chi, Pei-Yu Peggy and Vogel, Daniel and Dontcheva, Mira and Li, Wilmot and Hartmann, Bj{\"o}rn},
  booktitle={Proceedings of the 29th Annual Symposium on User Interface Software and Technology},
  pages={809--820},
  year={2016},
  organization={ACM}
}

@Online{ritchin:2013,
  author =       {Jeremy Lybarger},
  title =        {Can Photojournalism Survive in the Instagram Era?},
  month =        {July},
  day =          18,
  year =         2013,
  note =         {Retrieved April 21, 2017 from
                  \url{http://www.motherjones.com/media/2013/07/bending-the-frame-fred-ritchin-photojournalism-instagram}},
                  }


@inproceedings{chi2012mixt,
  title={Mix{T}: automatic generation of step-by-step mixed media tutorials},
  author={Chi, Pei-Yu and Ahn, Sally and Ren, Amanda and Dontcheva, Mira and Li, Wilmot and Hartmann, Bj{\"o}rn},
  booktitle={Proceedings of the 25th annual ACM symposium on User interface software and technology},
  pages={93--102},
  year={2012},
  organization={ACM}
}

@inproceedings{rubin2013content,
  title={Content-based tools for editing audio stories},
  author={Rubin, Steve and Berthouzoz, Floraine and Mysore, Gautham J and Li, Wilmot and Agrawala, Maneesh},
  booktitle={Proceedings of the 26th annual ACM symposium on User interface software and technology},
  pages={113--122},
  year={2013},
  organization={ACM}
}

@inproceedings{monserrat2013notevideo,
  title={Note{V}ideo: Facilitating navigation of blackboard-style lecture videos},
  author={Monserrat, Toni-Jan Keith Palma and Zhao, Shengdong and McGee, Kevin and Pandey, Anshul Vikram},
  booktitle={Proceedings of the SIGCHI Conference on Human Factors in Computing Systems},
  pages={1139--1148},
  year={2013},
  organization={ACM}
}

@inproceedings{kim2014data,
  title={Data-driven interaction techniques for improving navigation of educational videos},
  author={Kim, Juho and Guo, Philip J and Cai, Carrie J and Li, Shang-Wen Daniel and Gajos, Krzysztof Z and Miller, Robert C},
  booktitle={Proceedings of the 27th annual ACM symposium on User interface software and technology},
  pages={563--572},
  year={2014},
  organization={ACM}
}


@inproceedings{chi2013democut,
  title={Demo{C}ut: generating concise instructional videos for physical demonstrations},
  author={Chi, Pei-Yu and Liu, Joyce and Linder, Jason and Dontcheva, Mira and Li, Wilmot and Hartmann, Bjoern},
  booktitle={Proceedings of the 26th annual ACM symposium on User interface software and technology},
  pages={141--150},
  year={2013},
  organization={ACM}
}

@inproceedings{jackson2013panopticon,
  title={Panopticon: A parallel video overview system},
  author={Jackson, Dan and Nicholson, James and Stoeckigt, Gerrit and Wrobel, Rebecca and Thieme, Anja and Olivier, Patrick},
  booktitle={proceedings of the 26th annual ACM symposium on User interface software and technology},
  pages={123--130},
  year={2013},
  organization={ACM}
}

@inproceedings{kim2014crowdsourcing,
  title={Crowdsourcing step-by-step information extraction to enhance existing how-to videos},
  author={Kim, Juho and Nguyen, Phu Tran and Weir, Sarah and Guo, Philip J and Miller, Robert C and Gajos, Krzysztof Z},
  booktitle={Proceedings of the 32nd annual ACM conference on Human factors in computing systems},
  pages={4017--4026},
  year={2014},
  organization={ACM}
}

@article{choudary2007summarization,
  title={Summarization of visual content in instructional videos},
  author={Choudary, Chekuri and Liu, Tiecheng},
  journal={Multimedia, IEEE Transactions on},
  volume={9},
  number={7},
  pages={1443--1455},
  year={2007},
  publisher={IEEE}
}

@article{knuth1981breaking,
  title={Breaking paragraphs into lines},
  author={Knuth, Donald E and Plass, Michael F},
  journal={Software: Practice and Experience},
  volume={11},
  number={11},
  pages={1119--1184},
  year={1981},
  publisher={Wiley Online Library}
}

@inproceedings{pavel2014video,
  title={Video digests: a browsable, skimmable format for informational lecture videos},
  author={Pavel, Amy and Hartmann, Bj{\"o}rn and Agrawala, Maneesh},
  booktitle={Proceedings of the 27th annual ACM symposium on User interface software and technology},
  pages={573--582},
  year={2014},
  organization={ACM}
}

@article{barnes2010video,
  title={Video tapestries with continuous temporal zoom},
  author={Barnes, Connelly and Goldman, Dan B and Shechtman, Eli and Finkelstein, Adam},
  journal={ACM Transactions on Graphics (TOG)},
  volume={29},
  number={4},
  pages={89},
  year={2010},
  publisher={ACM}
}


@inproceedings{boreczky2000interactive,
  title={An interactive comic book presentation for exploring video},
  author={Boreczky, John and Girgensohn, Andreas and Golovchinsky, Gene and Uchihashi, Shingo},
  booktitle={Proceedings of the SIGCHI conference on Human Factors in Computing Systems},
  pages={185--192},
  year={2000},
  organization={ACM}
}

@inproceedings{uchihashi1999video,
  title={Video manga: generating semantically meaningful video summaries},
  author={Uchihashi, Shingo and Foote, Jonathan and Girgensohn, Andreas and Boreczky, John},
  booktitle={Proceedings of the seventh ACM international conference on Multimedia (Part 1)},
  pages={383--392},
  year={1999},
  organization={ACM}
}

@inproceedings{hwang2006cinema,
  title={Cinema comics: Cartoon generation from video stream.},
  author={Hwang, Won-Il and Lee, Pyung-Jun and Chun, Bong-Kyung and Ryu, Dong-Sung and Cho, Hwan-Gue},
  booktitle={GRAPP},
  pages={299--304},
  year={2006},
  organization={}
}

@article{hu2015speaker,
  title={Speaker-Following Video Subtitles},
  author={Hu, Yongtao and Kautz, Jan and Yu, Yizhou and Wang, Wenping},
  journal={ACM Transactions on Multimedia Computing, Communications, and Applications (TOMM)},
  volume={11},
  number={2},
  pages={32},
  year={2015},
  publisher={ACM}
}

@incollection{chun2006automated,
  title={An automated procedure for word balloon placement in cinema comics},
  author={Chun, Bong-Kyung and Ryu, Dong-Sung and Hwang, Won-Il and Cho, Hwan-Gue},
  booktitle={Advances in Visual Computing},
  pages={576--585},
  year={2006},
  publisher={Springer}
}

@inproceedings{kurlander1996comic,
  title={Comic chat},
  author={Kurlander, David and Skelly, Tim and Salesin, David},
  booktitle={Proceedings of the 23rd annual conference on Computer graphics and interactive techniques},
  pages={225--236},
  year={1996},
  organization={ACM}
}

@misc{edsurge2014, 
  title={``{MOOC}s in 2014: Breaking Down the Numbers (EdSurge News)''},
  author={Shah, Dhawal},
  publisher={Ed{S}urge},
  year={2014},
  url={https://www.edsurge.com/n/2014-12-26-Moocs-in-2014-Breaking-Down-The-Numbers},
  urldate= {2015-05-12}
}

@inproceedings{borgo2011survey,
  title={A survey on video-based graphics and video visualization},
  author={Borgo, Rita and Chen, Min and Daubney, Ben and Grundy, Edward and Janicke, Heike and Heidemann, Gunther and Hoferlin, Benjamin and Hoferlin, Markus and Weiskopf, Daniel and Xie, Xianghua},
  booktitle={Proc. of the EuroGraphics conf., State of the Art Report},
  pages={1--23},
  year={2011},
  organization={Citeseer}
}

@article{truong2007video,
  title={Video abstraction: A systematic review and classification},
  author={Truong, Ba Tu and Venkatesh, Svetha},
  journal={ACM Transactions on Multimedia Computing, Communications, and Applications (TOMM)},
  volume={3},
  number={1},
  pages={3},
  year={2007},
  publisher={ACM}
}

@inproceedings{he1999auto,
  title={Auto-summarization of audio-video presentations},
  author={He, Liwei and Sanocki, Elizabeth and Gupta, Anoop and Grudin, Jonathan},
  booktitle={Proceedings of the seventh ACM international conference on Multimedia (Part 1)},
  pages={489--498},
  year={1999},
  organization={ACM}
}

@article{ekin2003automatic,
  title={Automatic soccer video analysis and summarization},
  author={Ekin, Ahmet and Tekalp, A Murat and Mehrotra, Rajiv},
  journal={Image Processing, IEEE Transactions on},
  volume={12},
  number={7},
  pages={796--807},
  year={2003},
  publisher={IEEE}
}

@inproceedings{smith1998video,
  title={Video skimming and characterization through the combination of image and language understanding},
  author={Smith, Michael A and Kanade, Takeo},
  booktitle={Content-Based Access of Image and Video Database, 1998. Proceedings., 1998 IEEE International Workshop on},
  pages={61--70},
  year={1998},
  organization={IEEE}
}

@article{ngo2005video,
  title={Video summarization and scene detection by graph modeling},
  author={Ngo, Chong-Wah and Ma, Yu-Fei and Zhang, Hong-Jiang},
  journal={Circuits and Systems for Video Technology, IEEE Transactions on},
  volume={15},
  number={2},
  pages={296--305},
  year={2005},
  publisher={IEEE}
}

@inproceedings{lu2013story,
  title={Story-driven summarization for egocentric video},
  author={Lu, Zheng and Grauman, Kristen},
  booktitle={Computer Vision and Pattern Recognition (CVPR), 2013 IEEE Conference on},
  pages={2714--2721},
  year={2013},
  organization={IEEE}
}

@inproceedings{li2000browsing,
  title={Browsing digital video},
  author={Li, Francis C and Gupta, Anoop and Sanocki, Elizabeth and He, Li-wei and Rui, Yong},
  booktitle={Proceedings of the SIGCHI conference on Human Factors in Computing Systems},
  pages={169--176},
  year={2000},
  organization={ACM}
}

@inproceedings{christel2001effect,
  title={The effect of text in storyboards for video navigation},
  author={Christel, Michael G and Warmack, Adrienne S},
  booktitle={Acoustics, Speech, and Signal Processing, 2001. Proceedings.(ICASSP'01). 2001 IEEE International Conference on},
  volume={3},
  pages={1409--1412},
  year={2001},
  organization={IEEE}
}

@article{large1995multimedia,
  title={Multimedia and comprehension: The relationship among text, animation, and captions},
  author={Large, Andrew and Beheshti, Jamshid and Breuleux, Alain and Renaud, Andre},
  journal={Journal of the American Society for Information Science},
  volume={46},
  number={5},
  pages={340--347},
  year={1995},
  publisher={Wiley Online Library}
}

@incollection{pickering2003anses,
  title={{ANSES}: Summarisation of news video},
  author={Pickering, Marcus J and Wong, Lawrence and R{\"u}ger, Stefan M},
  booktitle={Image and Video Retrieval},
  pages={425--434},
  year={2003},
  publisher={Springer}
}

@inproceedings{shahraray1995automatic,
  title={Automatic generation of pictorial transcripts of video programs},
  author={Shahraray, Behzad and Gibbon, David C},
  booktitle={IS\&T/SPIE's Symposium on Electronic Imaging: Science \& Technology},
  pages={512--518},
  year={1995},
  organization={International Society for Optics and Photonics}
}

@inproceedings{agnihotri2001summarization,
  title={Summarization of video programs based on closed captions},
  author={Agnihotri, Lalitha and Devara, Kavitha V and McGee, Thomas and Dimitrova, Nevenka},
  booktitle={Photonics West 2001-Electronic Imaging},
  pages={599--607},
  year={2001},
  organization={International Society for Optics and Photonics}
}

@inproceedings{shahraray1997pictorial,
  title={Pictorial transcripts: Multimedia processing applied to digital library creation},
  author={Shahraray, Behzad and Gibbon, David C},
  booktitle={Multimedia Signal Processing, 1997., IEEE First Workshop on},
  pages={581--586},
  year={1997},
  organization={IEEE}
}


@inproceedings{christel2002collages,
  title={Collages as dynamic summaries for news video},
  author={Christel, Michael G and Hauptmann, Alexander G and Wactlar, Howard D and Ng, Tobun D},
  booktitle={Proceedings of the tenth ACM international conference on Multimedia},
  pages={561--569},
  year={2002},
  organization={ACM}
}

@inproceedings{mynatt1999flatland,
  title={Flatland: new dimensions in office whiteboards},
  author={Mynatt, Elizabeth D and Igarashi, Takeo and Edwards, W Keith and LaMarca, Anthony},
  booktitle={Proceedings of the SIGCHI conference on Human Factors in Computing Systems},
  pages={346--353},
  year={1999},
  organization={ACM}
}